<?xml version="1.0" encoding="UTF-8"?><collection xmlns="http://www.loc.gov/MARC21/slim"><record><leader>00456nam--2200181-i-4500</leader><controlfield tag="001">000007967</controlfield><controlfield tag="002">20161230</controlfield><controlfield tag="005">20170107172451</controlfield><controlfield tag="008">060222s1000------------r-----000-0-rus-d</controlfield><datafield ind1=" " ind2=" " tag="040"><subfield code="a">IFIN-HH</subfield></datafield><datafield ind1=" " ind2=" " tag="041"><subfield code="a">rus</subfield></datafield><datafield ind1=" " ind2=" " tag="080"><subfield code="a">539.1</subfield></datafield><datafield ind1="1" ind2=" " tag="110"><subfield code="a">Akademia Nauk Latviiskoi SSR</subfield></datafield><datafield ind1="1" ind2="0" tag="245"><subfield code="a">Elektronno-atomnie stolknovenia</subfield><subfield code="b">Atomnie stolknovenia II</subfield></datafield><datafield ind1=" " ind2=" " tag="260"><subfield code="a">Riga</subfield><subfield code="b">Zinatne</subfield><subfield code="c">1965</subfield></datafield><datafield ind1=" " ind2=" " tag="300"><subfield code="a">145 p</subfield></datafield><datafield ind1=" " ind2=" " tag="852"><subfield code="a">23389</subfield><subfield code="c">539</subfield></datafield><datafield ind1=" " ind2=" " tag="CAT"><subfield code="a">SYS</subfield><subfield code="c">20170107</subfield><subfield code="h">172451</subfield></datafield></record></collection>